

@incollection{unification-automatedreasoningbook2001,
	author = {Baader, Franz and Snyder, Wayne},
	booktitle = {Handbook of Automated Reasoning},
	chapter = 8,
	date-added = {2020-12-23 15:09:14 +0100},
	date-modified = {2020-12-23 15:09:35 +0100},
	doi = {10.1016/B978-044450813-3/50010-2},
	editor = {Robinson, Alan and Voronkov, Andrei},
	isbn = {978-0-444-50813-3},
	pages = {445--533},
	publisher = {North Holland},
	title = {Unification Theory},
	_url = {https://www.sciencedirect.com/science/article/pii/B9780444508133500102},
	volume = {I},
	year = 2001,
	Bdsk-Url-1 = {https://www.sciencedirect.com/science/article/pii/B9780444508133500102},
	Bdsk-Url-2 = {https://doi.org/10.1016/B978-044450813-3/50010-2}}

@book{Parr2013,
	author = {Parr, Terence},
	edition = {2nd},
	isbn = {1934356999},
	publisher = {Pragmatic Bookshelf},
	title = {The Definitive {ANTLR} 4 Reference},
	year = {2013}}

@techreport{Warren1983,
	address = {333 Ravenswood Ave., Menlo Park, CA 94025},
	author = {Warren, David H. D.},
	institution = {AI Center, SRI International},
	keywords = {Prolog},
	month = {Oct},
	number = {309},
	title = {An Abstract Prolog Instruction Set},
	year = {1983}}

@article{Carlsson84,
	author = {Carlsson, Mats},
	bibsource = {dblp computer science bibliography, https://dblp.org},
	biburl = {https://dblp.org/rec/journals/ngc/Carlsson84.bib},
	doi = {10.1007/BF03037326},
	journal = {New Generation Computing},
	number = 4,
	pages = {347--359},
	timestamp = {Thu, 14 May 2020 22:24:09 +0200},
	title = {On Implementing Prolog in Functional Programming},
	_url = {https://doi.org/10.1007/BF03037326},
	volume = 2,
	year = 1984,
	Bdsk-Url-1 = {https://doi.org/10.1007/BF03037326}}

@inproceedings{nsc4xai-woa2020,
	address = {Aachen, Germany},
	author = {Pisano, Giuseppe and Ciatto, Giovanni and Calegari, Roberta and Omicini, Andrea},
	booktitle = {WOA 2020 -- 21th Workshop ``From Objects to Agents''},
	editor = {Calegari, Roberta and Ciatto, Giovanni and Denti, Enrico and Omicini, Andrea and Sartor, Giovanni},
	keywords = {XAI, Hybrid Systems, Neural Networks, Logical Constraining},
	iris-id = {11585/781387},
	issn = {1613-0073},
	location = {Bologna, Italy},
	month = oct,
	note = {21st Workshop ``From Objects to Agents'' (WOA 2020), Bologna, Italy, 14--16~} # sep # {~2020. Proceedings},
	pages = {101--117},
	publisher = {Sun SITE Central Europe, RWTH Aachen University},
	scopus-id = {2-s2.0-85095616404},
	series = {CEUR Workshop Proceedings},
	subseries = {AI*IA Series},
	title = {Neuro-symbolic Computation for {XAI}: Towards a Unified Model},
	url = {http://ceur-ws.org/Vol-2706/paper18.pdf},
	url-pdf = {http://ceur-ws.org/Vol-2706/paper18.pdf},
	volume = 2706,
	year = 2020}

@inproceedings{arg2p-cilc2020,
	address = {Aachen, Germany},
	author = {Pisano, Giuseppe and Calegari, Roberta and Omicini, Andrea and Sartor, Giovanni},
	booktitle = {CILC 2020 -- Italian Conference on Computational Logic. Proceedings of the 35th Italian Conference on Computational Logic},
	editor = {Calimeri, Francesco and Perri, Simona and Zumpano, Ester},
	irisid = {11585/776173},
	keywords = {argumentation; logic-based argumentation; burden of persuasion; tuProlog; micro-intelligence; symbolic intelligence},
	location = {Rende, CS, Italy},
	month = {13-15~} # oct,
	organization = {Sun SITE Central Europe, RWTH Aachen University},
	pages = {51--66},
	publisher = {CEUR-WS},
	scholarid = {11457064787617704916},
	series = {CEUR Workshop Proceedings},
	subseries = {AI*IA Series},
	title = {Arg-{{\sf tu}Prolog}: A {{\sf tu}Prolog}-based argumentation framework},
	url = {http://ceur-ws.org/Vol-2710/paper4.pdf},
	volume = 2719,
	year = 2020,
	Bdsk-Url-1 = {http://ceur-ws.org/Vol-2710/paper4.pdf}}

@inproceedings{kotlinDSl4PrologWoa2020,
	address = {Aachen, Germany},
	author = {Ciatto, Giovanni and Calegari, Roberta and Siboni, Enrico and Denti, Enrico and Omicini, Andrea},
	booktitle = {WOA 2020 -- 21th Workshop ``From Objects to Agents''},
	editor = {Calegari, Roberta and Ciatto, Giovanni and Denti, Enrico and Omicini, Andrea and Sartor, Giovanni},
	keywords = {object-oriented program-ming, multi-paradigm languages, domain-specific languages, Kotlin},
	location = {Bologna, Italy},
	month = oct,
	pages = {219--236},
	publisher = {Sun SITE Central Europe, RWTH Aachen University},
	series = {CEUR Workshop Proceedings},
	subseries = {AI*IA Series},
	title = {{\sc {2P-Kt}}: logic programming with objects \& functions in Kotlin},
	url = {http://ceur-ws.org/Vol-2706/paper14.pdf},
	url-pdf = {http://ceur-ws.org/Vol-2706/paper14.pdf},
	volume = 2706,
	year = 2020,
	Bdsk-Url-1 = {http://ceur-ws.org/Vol-2706/paper14.pdf}}

@article{lptech4mas-jaamas35,
	_pages = {1--67},
	articleno = 1,
	author = {Calegari, Roberta and Ciatto, Giovanni and Mascardi, Viviana and Omicini, Andrea},
	doi = {10.1007/s10458-020-09478-3},
	editor = {Bergenti, Federico and Baldoni, Matteo and Winikoff, Michael and Seghrouchni, Amal El Fallah},
	irisid = {11585/775368},
	issn = {1387-2532},
	issn-online = {1573-7454},
	journal = {Autonomous Agents and Multi-Agent Systems},
	keywords = {SLR; Logic-based Technologies; MAS},
	note = {Collection ``Current Trends in Research on Software Agents and Agent-Based Software Development''},
	number = 1,
	pages = {1:1--1:67},
	title = {Logic-based Technologies for Multi-agent Systems: A Systematic Literature Review},
	_url = {http://link.springer.com/10.1007/s10458-020-09478-3},
	url-pdf = {https://link.springer.com/content/pdf/10.1007/s10458-020-09478-3.pdf},
	volume = 35,
	year = 2021,
	Bdsk-Url-1 = {http://link.springer.com/10.1007/s10458-020-09478-3},
	Bdsk-Url-2 = {https://doi.org/10.1007/s10458-020-09478-3},
	Bdsk-Url-3 = {https://link.springer.com/content/pdf/10.1007/s10458-020-09478-3.pdf}}

@article{coordination-jlamp2020,
	articleno = 100531,
	author = {Ciatto, Giovanni and Di Marzo Serugendo, Giovanna and Louvel, Maxime and Mariani, Stefano and Omicini, Andrea and Zambonelli, Franco},
	doi = {10.1016/j.jlamp.2020.100531},
	editor = {De Nicola, Rocco},
	irisid = {11585/746605},
	issn = {2352-2208},
	journal = {Journal of Logical and Algebraic Methods in Programming},
	keywords = {coordination technologies; middleware; survey},
	month = jun,
	notes = {Special Issue ``20 Years of Coordination Models and Languages''},
	numpages = {25},
	pages = {1--25},
	scholarid = {5771430051197203219},
	title = {Twenty Years of Coordination Technologies: {COORDINATION} contribution to the State of Art},
	_url = {http://www.sciencedirect.com/science/article/pii/S235222082030016X},
	volume = 113,
	wosid = {000528260400001},
	year = 2020,
	Bdsk-Url-1 = {http://www.sciencedirect.com/science/article/pii/S235222082030016X},
	Bdsk-Url-2 = {https://doi.org/10.1016/j.jlamp.2020.100531}}

@Article{Arrieta2019,
  author  = {Arrieta, Alejandro Barredo and Rodr{\'{\i}}guez, Natalia D{\'{\i}}az and Ser, Javier Del and Bennetot, Adrien and Tabik, Siham and Barbado, Alberto and Garc{\'{\i}}a, Salvador and Gil{-}Lopez, Sergio and Molina, Daniel and Benjamins, Richard and Chatila, Raja and Herrera, Francisco},
  journal = {Information Fusion},
  title   = {Explainable Artificial Intelligence {(XAI):} Concepts, taxonomies, opportunities and challenges toward responsible {AI}},
  year    = {2020},
  pages   = {82--115},
  volume  = {58},
  doi     = {10.1016/j.inffus.2019.12.012},
  _url     = {https://doi.org/10.1016/j.inffus.2019.12.012},
}

@article{xaisurvey-ia14,
	author = {Calegari, Roberta and Ciatto, Giovanni and Omicini, Andrea},
	booktitle = {Special Issue for the Twentieth Edition of the Workshop `From Objects to Agents'},
	doi = {10.3233/IA-190036},
	editor = {Baldoni, Matteo and Bergenti, Federico and Monica, Stefania and Vizzari, Giuseppe},
	irisid = {11585/772707},
	journal = {Intelligenza Artificiale},
	keywords = {XAI, symbolic and sub-symbolic AI, explainability, interpretability, trustable system},
	number = 1,
	pages = {7--32},
	publisher = {IOS Press},
	scopusid = {2-s2.0-85092388493},
	title = {On the integration of symbolic and sub-symbolic techniques for {XAI}: A survey},
	_url = {http://content.iospress.com/articles/intelligenza-artificiale/ia190036},
	volume = 14,
	wosid = {000574865700002},
	year = 2020,
	Bdsk-Url-1 = {http://content.iospress.com/articles/intelligenza-artificiale/ia190036},
	Bdsk-Url-2 = {https://doi.org/10.3233/IA-190036}}

@inproceedings{tusow-icccn2019,
	address = {Valencia, Spain},
	author = {Ciatto, Giovanni and Rizzato, Lorenzo and Omicini, Andrea and Mariani, Stefano},
	booktitle = {The 28th International Conference on Computer Communications and Networks (ICCCN 2019)},
	doi = {10.1109/ICCCN.2019.8846916},
	ieeeno = {8846916},
	irisid = {11585/695576},
	isbn = {978-1-7281-1856-7},
	isbn-usb = {978-1-7281-1855-0},
	issn = {2637-9430},
	keywords = {TuSoW, edge computing, coordination, tuple spaces, LINDA, Web of Things},
	month = {29~} # jul # {--1~} # aug,
	publisher = {IEEE},
	scopusid = {2-s2.0-85073155391},
	title = {{TuSoW}: Tuple Spaces for Edge Computing},
	_url = {http://ieeexplore.ieee.org/document/8846916},
	wosid = {000533348400007},
	year = 2019,
	Bdsk-Url-1 = {http://ieeexplore.ieee.org/document/8846916},
	Bdsk-Url-2 = {https://doi.org/10.1109/ICCCN.2019.8846916}}

@article{BergentiCMP20,
	_url = {https://doi.org/10.1007/s10458-020-09460-z},
	author = {Bergenti, Federico and Caire, Giovanni and Monica, Stefania and Poggi, Agostino},
	doi = {10.1007/s10458-020-09460-z},
	journal = {Autonomous Agents and Multi Agent Systems},
	number = {2},
	pages = {36},
	title = {The first twenty years of agent-based software development with {JADE}},
	volume = {34},
	year = {2020},
	Bdsk-Url-1 = {https://doi.org/10.1007/s10458-020-09460-z}}

@article{lpaas-tplp18,
	author = {Calegari, Roberta and Denti, Enrico and Mariani, Stefano and Omicini, Andrea},
	date-added = {2020-08-06 15:14:23 +0200},
	date-modified = {2020-08-06 15:14:23 +0200},
	doi = {10.1017/S1471068418000364},
	editor = {Fioretto, Ferdinando and Pontelli, Enrico},
	journal = {Theory and Practice of Logic Programming},
	keywords = {logic programming, distributed systems, service-oriented architectures, pervasive systems, intelligent systems, LPaaS, situatedness},
	month = sep,
	note = {Special Issue ``Past and Present (and Future) of Parallel and Distributed Computation in (Constraint) Logic Programming''},
	number = {5-6},
	pages = {846--873},
	publisher = {Cambridge University Press},
	scholarid = {13482792136370336832},
	scopusid = {2-s2.0-85050006559},
	title = {Logic Programming as a Service},
	_url = {https://doi.org/10.1017/S1471068418000364},
	volume = 18,
	wosid = {000443682000005},
	year = 2018,
	Bdsk-Url-1 = {https://www.cambridge.org/core/journals/theory-and-practice-of-logic-programming/article/logic-programming-as-a-service/8A8109052E2F9EC177332F36183E80BE},
	Bdsk-Url-2 = {https://doi.org/10.1017/S1471068418000364}}

@article{tuprolog-scp57,
	author = {Denti, Enrico and Omicini, Andrea and Ricci, Alessandro},
	date-added = {2020-08-05 18:23:25 +0200},
	date-modified = {2020-08-05 18:23:25 +0200},
	doi = {10.1016/j.scico.2005.02.001},
	issn = {0167-6423},
	journal = {Science of Computer Programming},
	keywords = {Java; Prolog; Language integration; Reflection; Agent infrastructures},
	month = aug,
	number = 2,
	pages = {217--250},
	publisher = {Elsevier Science B.V.},
	scholarid = {11814947363577124615},
	scopusid = {2-s2.0-21344467290},
	title = {Multi-paradigm {J}ava-{P}rolog Integration in {{\sf tu}Prolog}},
	_url = {http://www.sciencedirect.com/science/article/pii/S0167642305000158},
	volume = 57,
	wosid = {000230801800004},
	year = 2005,
	Bdsk-Url-1 = {http://www.sciencedirect.com/science/article/pii/S0167642305000158},
	Bdsk-Url-2 = {https://doi.org/10.1016/j.scico.2005.02.001}}

@article{Bagnara2002,
	author = {Bagnara, Roberto and Carro, Manuel},
	journal = {ALP Newsletter},
	month = may,
	number = 2,
	title = {Foreign language interfaces for {Prolog}: A terse survey},
	url = {https://dtai.cs.kuleuven.be/projects/ALP/newsletter/may02/index.html},
	volume = {15},
	year = {2002},
	Bdsk-Url-1 = {https://dtai.cs.kuleuven.be/projects/ALP/newsletter/may02/index.html}}

@inproceedings{Oliveira2010,
	address = {New York, NY, USA},
	author = {Oliveira, Bruno C.d.S. and Moors, Adriaan and Odersky, Martin},
	booktitle = {Proceedings of the ACM International Conference on Object Oriented Programming Systems Languages and Applications},
	doi = {10.1145/1869459.1869489},
	isbn = {9781450302036},
	keywords = {scala, type classes, abstract datatypes, c++ concepts},
	location = {Reno/Tahoe, Nevada, USA},
	numpages = {20},
	pages = {341--360},
	publisher = {Association for Computing Machinery},
	series = {OOPSLA '10},
	title = {Type Classes as Objects and Implicits},
	year = {2010},
	Bdsk-Url-1 = {https://doi.org/10.1145/1869459.1869489}}

@incollection{microintelligencelp-mmasII,
	author = {Omicini, Andrea and Calegari, Roberta},
	booktitle = {Massively Multi-Agent Systems II},
	chapter = 2,
	date-added = {2020-07-24 14:49:51 +0200},
	date-modified = {2020-07-24 14:49:51 +0200},
	doi = {10.1007/978-3-030-20937-7_2},
	editor = {Lin, Donghui and Ishida, Toru and Zambonelli, Franco and Noda, Itsuki},
	isbn = {978-3-030-20937-7},
	keywords = {pervasive system, MMAS, micro-intelligence, logic-based, LPaaS},
	month = may,
	note = {International Workshop, MMAS 2018, Stockholm, Sweden, July 14, 2018, Revised Selected Papers},
	pages = {21--35},
	publisher = {Springer},
	publonsid = {22195270},
	scopusid = {2-s2.0-85066143737},
	series = {Lecture Notes in Computer Science},
	subseries = {Lecture Notes in Artificial Intelligence},
	title = {Injecting (Micro)Intelligence in the {IoT}: Logic-based Approaches for {(M)MAS}},
	_url = {http://link.springer.com/10.1007/978-3-030-20937-7_2},
	volume = 11422,
	year = 2019,
	Bdsk-Url-1 = {http://link.springer.com/10.1007/978-3-030-20937-7_2},
	Bdsk-Url-2 = {https://doi.org/10.1007/978-3-030-20937-7_2}}

@inbook{Apt2001,
	author = {Apt, Krzysztof R.},
	booktitle = {Concepts in Programming Languages},
	chapter = {15},
	doi = {10.1017/CBO9780511804175.016},
	editor = {Mitchell, John C.},
	pages = {475--508},
	place = {Cambridge},
	publisher = {Cambridge University Press},
	title = {The Logic Programming Paradigm and Prolog},
	year = {2001},
	Bdsk-Url-1 = {https://doi.org/10.1017/CBO9780511804175.016}}

@article{RaedtK15,
	author = {{de Raedt}, Luc and Kimmig, Angelika},
	bibsource = {dblp computer science bibliography, https://dblp.org},
	biburl = {https://dblp.org/rec/journals/ml/RaedtK15.bib},
	doi = {10.1007/s10994-015-5494-z},
	journal = {Machine Learning},
	number = {1},
	pages = {5--47},
	timestamp = {Mon, 26 Oct 2020 08:38:40 +0100},
	title = {Probabilistic (logic) programming concepts},
	_url = {https://doi.org/10.1007/s10994-015-5494-z},
	volume = {100},
	year = {2015},
	Bdsk-Url-1 = {https://doi.org/10.1007/s10994-015-5494-z}}

@article{Muggleton94,
	author = {Muggleton, Stephen and {de Raedt}, Luc},
	doi = {10.1016/0743-1066(94)90035-3},
	issn = {0743-1066},
	journal = {The Journal of Logic Programming},
	note = {Special Issue: Ten Years of Logic Programming},
	pages = {629--679},
	title = {Inductive Logic Programming: Theory and methods},
	_url = {http://www.sciencedirect.com/science/article/pii/0743106694900353},
	volume = {19-20},
	year = 1994,
	Bdsk-Url-1 = {http://www.sciencedirect.com/science/article/pii/0743106694900353},
	Bdsk-Url-2 = {https://doi.org/10.1016/0743-1066(94)90035-3}}

@article{FungIff97,
	author = {Fung, Tze Ho and Kowalski, Robert},
	doi = {10.1016/S0743-1066(97)00026-5},
	issn = {0743-1066},
	journal = {The Journal of Logic Programming},
	number = 2,
	pages = {151--165},
	title = {The {IFF} proof procedure for abductive logic programming},
	_url = {http://www.sciencedirect.com/science/article/pii/S0743106697000265},
	volume = 33,
	year = 1997,
	Bdsk-Url-1 = {http://www.sciencedirect.com/science/article/pii/S0743106697000265},
	Bdsk-Url-2 = {https://doi.org/10.1016/S0743-1066(97)00026-5}}

@article{Kowalski1979,
	address = {New York, NY, USA},
	author = {Kowalski, Robert},
	doi = {10.1145/359131.359136},
	issn = {0001-0782},
	issue_date = {July 1979},
	journal = {Communication ACM},
	keywords = {nonprocedural language, relational data structures, logic programming, program specification, programming methodology, control language},
	month = jul,
	number = {7},
	numpages = {13},
	pages = {424--436},
	publisher = {Association for Computing Machinery},
	title = {Algorithm = Logic + Control},
	volume = {22},
	year = {1979},
	Bdsk-Url-1 = {https://doi.org/10.1145/359131.359136}}

@article{logictech-information11,
	articleno = {167},
	author = {Calegari, Roberta and Ciatto, Giovanni and Denti, Enrico and Omicini, Andrea},
	doi = {10.3390/info11030167},
	editor = {Susilo, Willy},
	irisid = {11585/752671},
	issn = {2078-2489},
	journal = {Information},
	keywords = {symbolic AI; logic-based technologies; intelligent systems},
	month = mar,
	note = {Special Issue ``10th Anniversary of Information---Emerging Research Challenges''},
	number = {3},
	pages = {1--29},
	publisher = {MDPI},
	scholarid = {15744297419438793629},
	scopusid = {2-s2.0-85082507008},
	title = {Logic-based Technologies for Intelligent Systems: State of the Art and Perspectives},
	_url = {http://www.mdpi.com/2078-2489/11/3/167},
	volume = {11},
	wosid = {000524309400026},
	year = {2020},
	Bdsk-Url-1 = {http://www.mdpi.com/2078-2489/11/3/167},
	Bdsk-Url-2 = {https://doi.org/10.3390/info11030167}}

@article{lpaas-bdcc2,
	articleno = 23,
	author = {Calegari, Roberta and Ciatto, Giovanni and Mariani, Stefano and Denti, Enrico and Omicini, Andrea},
	doi = {10.3390/bdcc2030023},
	irisid = {11585/640012},
	issn-online = {2504-2289},
	journal = {Big Data and Cognitive Computing},
	keywords = {Logic Programming as a Service, IoT, symbolic reasoning},
	number = 3,
	numpages = 26,
	publisher = {MDPI},
	title = {{LPaaS} as Micro-intelligence: Enhancing {IoT} with Symbolic Reasoning},
	_url = {http://www.mdpi.com/2504-2289/2/3/23},
	url-pdf = {http://www.mdpi.com/2504-2289/2/3/23/pdf},
	volume = 2,
	year = 2018,
	Bdsk-Url-1 = {http://www.mdpi.com/2504-2289/2/3/23},
	Bdsk-Url-2 = {https://doi.org/10.3390/bdcc2030023}}

@book{lloyd1990computational,
	editor = {Lloyd, John W.},
	isbn = {9783642762765},
	publisher = {Springer},
	title = {Computational logic},
	year = {1990}}

@book{Nerode1996,
	address = {USA},
	author = {Nerode, Anil and Metakides, G.},
	isbn = {0444816445},
	publisher = {Elsevier Science Inc.},
	title = {Principles of Logic and Logic Programming},
	year = {1996}}

@techreport{prologISO-pt1,
	author = {{ ISO/IEC JTC 1/SC 22 Technical Committee}},
	date-modified = {2020-12-17 13:31:28 +0100},
	institution = {ISO/IEC},
	number = {ISO/IEC 13211-1},
	pages = {199},
	title = {{ISO/IEC 13211-1:1995}: {Information} technology --- {Programming} languages --- {Prolog} --- {Part} 1: {General} core},
	type = {International Standard},
	url = {https://www.iso.org/standard/21413.html},
	year = 1995,
	Bdsk-Url-1 = {https://www.iso.org/standard/21413.html}}

@techreport{prologISO-pt2,
	author = {{ISO/IEC JTC 1/SC 22 Technical Committee}},
	date-modified = {2020-12-17 13:32:41 +0100},
	institution = {ISO/IEC},
	number = {ISO/IEC 13211-2},
	pages = {23},
	title = {{ISO/IEC 13211-2:2000}: Information technology --- Programming languages --- {Prolog} --- Part 2: Modules},
	type = {International Standard},
	url = {https://www.iso.org/standard/20775.html},
	year = 2000,
	Bdsk-Url-1 = {http://webstore.ansi.org/ansidocstore/product.asp?sku=ISO%2FIEC+13211%2D2%3A2000}}

@article{MartelliMontanari1982,
	address = {New York, NY, USA},
	author = {Martelli, Alberto and Montanari, Ugo},
	doi = {10.1145/357162.357169},
	issn = {0164-0925},
	issue_date = {April 1982},
	journal = {ACM Trans. Program. Lang. Syst.},
	month = apr,
	number = {2},
	numpages = {25},
	pages = {258--282},
	publisher = {Association for Computing Machinery},
	title = {An Efficient Unification Algorithm},
	_url = {https://doi.org/10.1145/357162.357169},
	volume = {4},
	year = {1982},
	Bdsk-Url-1 = {https://doi.org/10.1145/357162.357169}}

@article{Robinson65SLD,
	address = {New York, NY, USA},
	author = {Robinson, J. A.},
	doi = {10.1145/321250.321253},
	issn = {0004-5411},
	issue_date = {Jan. 1965},
	journal = {J. ACM},
	month = jan,
	number = {1},
	numpages = {19},
	pages = {23--41},
	publisher = {Association for Computing Machinery},
	title = {A Machine-Oriented Logic Based on the Resolution Principle},
	_url = {https://doi.org/10.1145/321250.321253},
	volume = {12},
	year = {1965},
	Bdsk-Url-1 = {https://doi.org/10.1145/321250.321253}}

@inproceedings{Clark77,
	address = {New York},
	author = {Clark, Keith L.},
	bibsource = {dblp computer science bibliography, https://dblp.org},
	biburl = {https://dblp.org/rec/conf/adbt/Clark77.bib},
	booktitle = {Logic and Data Bases, Symposium on Logic and Data Bases, Centre d'{\'{e}}tudes et de recherches de Toulouse, France, 1977},
	doi = {10.1007/978-1-4684-3384-5_11},
	editor = {Gallaire, Herv{\'{e}} and Minker, Jack},
	pages = {293--322},
	publisher = {Plemum Press},
	series = {Advances in Data Base Theory},
	timestamp = {Mon, 29 Jul 2019 16:00:16 +0200},
	title = {Negation as Failure},
	_url = {https://doi.org/10.1007/978-1-4684-3384-5_11},
	year = {1977},
	Bdsk-Url-1 = {https://doi.org/10.1007/978-1-4684-3384-5_11}}

@article{Forgy82,
	author = {Forgy, Charles},
	bibsource = {dblp computer science bibliography, https://dblp.org},
	biburl = {https://dblp.org/rec/journals/ai/Forgy82.bib},
	doi = {10.1016/0004-3702(82)90020-0},
	journal = {Artif. Intell.},
	number = {1},
	pages = {17--37},
	timestamp = {Wed, 14 Nov 2018 10:49:59 +0100},
	title = {{\sc Rete}: {A} Fast Algorithm for the Many Patterns/Many Objects Match Problem},
	_url = {https://doi.org/10.1016/0004-3702(82)90020-0},
	volume = {19},
	year = {1982},
	Bdsk-Url-1 = {https://doi.org/10.1016/0004-3702(82)90020-0}}

@article{2p-alpnews2013,
	author = {Denti, Enrico and Omicini, Andrea and Calegari, Roberta},
	journal = {ALP Newsletter},
	month = oct,
	publisher = {Association for Logic Programming},
	title = {{{\sf tu}Prolog}: Making {P}rolog Ubiquitous},
	url = {http://www.cs.nmsu.edu/ALP/2013/10/tuprolog-making-prolog-ubiquitous/},
	year = 2013,
	Bdsk-Url-1 = {http://www.cs.nmsu.edu/ALP/2013/10/tuprolog-making-prolog-ubiquitous/}}

@inproceedings{tuprolog-sac08,
	address = {Fortaleza, Cear{\'a}, Brazil},
	author = {Piancastelli, Giulio and Benini, Alex and Omicini, Andrea and Ricci, Alessandro},
	booktitle = {23rd ACM Symposium on Applied Computing (SAC 2008)},
	doi = {10.1145/1363686.1363739},
	editor = {Wainwright, Roger L. and Haddad, Hisham M. and Menezes, Ronaldo and Viroli, Mirko},
	isbn = {978-1-59593-753-7},
	keyword = {finite state machine, object-oriented design, prolog},
	month = {16--20~} # mar,
	note = {Special Track on Programming Languages},
	pages = {191--197},
	publisher = {ACM},
	scopusid = {2-s2.0-56749164340},
	title = {The Architecture and Design of a Malleable Object-Oriented {P}rolog Engine},
	_url = {http://portal.acm.org/citation.cfm?id=1363686.1363739},
	volume = 1,
	wosid = {000268392200038},
	year = 2008,
	Bdsk-Url-1 = {http://portal.acm.org/citation.cfm?id=1363686.1363739},
	Bdsk-Url-2 = {https://doi.org/10.1145/1363686.1363739}}

@inproceedings{ColmerauerR93,
	author = {Colmerauer, Alain and Roussel, Philippe},
	bibsource = {dblp computer science bibliography, https://dblp.org},
	biburl = {https://dblp.org/rec/conf/hopl/ColmerauerR93.bib},
	booktitle = {History of Programming Languages Conference (HOPL-II)},
	doi = {10.1145/154766.155362},
	editor = {Lee, John A. N. and Sammet, Jean E.},
	month = apr,
	pages = {37--52},
	publisher = {{ACM}},
	timestamp = {Tue, 06 Nov 2018 11:07:33 +0100},
	title = {The Birth of Prolog},
	_url = {https://doi.org/10.1145/154766.155362},
	year = {1993},
	Bdsk-Url-1 = {https://doi.org/10.1145/154766.155362}}

@inproceedings{Kowalski1974,
	author = {Kowalski, Robert A.},
	bibsource = {dblp computer science bibliography, https://dblp.org},
	biburl = {https://dblp.org/rec/conf/ifip/Kowalski74.bib},
	booktitle = {Information Processing, Proceedings of the 6th {IFIP} Congress},
	editor = {Rosenfeld, Jack L.},
	month = aug,
	pages = {569--574},
	publisher = {North-Holland},
	timestamp = {Fri, 26 Jul 2019 22:58:47 +0200},
	title = {Predicate Logic as Programming Language},
	year = {1974}}

@article{Sterling1996,
	author = {Sterling, Leon and Yal\c{c}inalp, \"{U}mit},
	doi = {10.1017/S026988890000802X},
	journal = {The Knowledge Engineering Review},
	number = {4},
	pages = {333--345},
	publisher = {Cambridge University Press},
	title = {Logic Programming and Software engineering---implications for Software design},
	volume = {11},
	year = {1996},
	Bdsk-Url-1 = {https://doi.org/10.1017/S026988890000802X}}

@article{blockchainmas-applsci10,
	article-no = 7460,
	author = {Ciatto, Giovanni and Mariani, Stefano and Omicini, Andrea and Zambonelli, Franco},
	doi = {10.3390/app10217460},
	editor = {Tonelli, Roberto and Ortu, Marco and Pinna, Andrea},
	irisid = {11585/775705},
	issn = {2076-3417},
	journal = {Applied Sciences},
	keywords = {blockchain; smart contracts; agents; autonomy; multi-agent systems; Tenderfone},
	note = {Special Issue ``Advances in Blockchain Technology and Applications 2020''},
	number = 21,
	numpages = 22,
	pages = {7460:1--7460:22},
	publisher = {MDPI},
	series = {Advances in Blockchain Technology and Applications 2020},
	title = {From Agents to Blockchain: Stairway to Integration},
	_url = {https://www.mdpi.com/2076-3417/10/21/7460},
	url-pdf = {https://www.mdpi.com/2076-3417/10/21/7460/pdf},
	volume = 10,
	year = 2020,
	Bdsk-Url-1 = {https://www.mdpi.com/2076-3417/10/21/7460},
	Bdsk-Url-2 = {https://doi.org/10.3390/app10217460},
	Bdsk-Url-3 = {https://www.mdpi.com/2076-3417/10/21/7460/pdf}}

@incollection{tuprolog-padl01,
	author = {Denti, Enrico and Omicini, Andrea and Ricci, Alessandro},
	booktitle = {Practical Aspects of Declarative Languages},
	doi = {10.1007/3-540-45241-9_13},
	editor = {Ramakrishnan, I.V.},
	isbn = {978-3-540-41768-2},
	isbn-10 = {3-540-41768-0},
	issn = {0302-9743},
	issn-online = {1611-3349},
	note = {3rd International Symposium (PADL 2001), Las Vegas, NV, USA, 11--12~} # mar # {~2001. Proceedings},
	pages = {184--198},
	publisher = {Springer Berlin Heidelberg},
	series = {Lecture Notes in Computer Science},
	title = {{{\sf tu}Prolog}: A Light-weight {P}rolog for {I}nternet Applications and Infrastructures},
	_url = {http://link.springer.com/10.1007/3-540-45241-9_13},
	volume = {1990},
	year = {2001},
	Bdsk-Url-1 = {http://link.springer.com/10.1007/3-540-45241-9_13},
	Bdsk-Url-2 = {https://doi.org/10.1007/3-540-45241-9_13}}

@book{GammaHelmEtAl95,
	added-at = {2017-05-27T16:39:41.000+0200},
	address = {Reading, MA},
	author = {Gamma, Erich and Helm, Richard and Johnson, Ralph E. and Vlissides, John},
	biburl = {https://www.bibsonomy.org/bibtex/2052a97f74c181e333e3b52bd7ae70384/flint63},
	file = {eBook:1900-99/GammaHelmEtAl95.pdf:PDF;InformIT Product page:http\://www.informit.com/title/0201633612:URL;Amazon Search inside:http\://www.amazon.de/gp/reader/0201633612/:URL},
	groups = {public},
	interhash = {666db7e026c02bfa3e89b7b2772d18a2},
	intrahash = {052a97f74c181e333e3b52bd7ae70384},
	isbn = {978-0-201-63361-0},
	keywords = {01841 105 book shelf software development design pattern oop},
	publisher = {Addison-Wesley},
	series = {Addison-Wesley Professional Computing Series},
	timestamp = {2018-04-16T12:25:23.000+0200},
	title = {Design Patterns: Elements of Reusable Object-Oriented Software},
	url = {https://www.safaribooksonline.com/library/view/design-patterns-elements/0201633612/},
	username = {flint63},
	year = {1995},
	Bdsk-Url-1 = {https://www.safaribooksonline.com/library/view/design-patterns-elements/0201633612/}}

@article{Paulson2018,
	author = {Paulson, Lawrence C.},
	doi = {10.1098/rspa.2017.0872},
	_eprint = {https://royalsocietypublishing.org/doi/pdf/10.1098/rspa.2017.0872},
	journal = {Proceedings of the Royal Society A: Mathematical, Physical and Engineering Sciences},
	number = {2210},
	pages = {20170872},
	title = {Computational logic: its origins and applications},
	_url = {https://royalsocietypublishing.org/doi/abs/10.1098/rspa.2017.0872},
	volume = {474},
	year = {2018},
	Bdsk-Url-1 = {https://royalsocietypublishing.org/doi/abs/10.1098/rspa.2017.0872},
	Bdsk-Url-2 = {https://doi.org/10.1098/rspa.2017.0872}}

@article{labelledlp-fi161,
	author = {Calegari, Roberta and Denti, Enrico and Dovier, Agostino and Omicini, Andrea},
	dblpid = {journals/fuin/CalegariDDO18},
	doi = {10.3233/FI-2018-1695},
	editor = {Fiorentini, Camillo and Momigliano, Alberto and Pettorossi, Alberto},
	irisid = {11585/636935},
	journal = {Fundamenta Informaticae},
	keywords = {logic programming, labelled systems, labelled variables, formal semantics, meta-interpretation, situated intelligence},
	month = jul,
	note = {Special Issue CILC 2016},
	number = {1-2},
	numpages = 22,
	pages = {53--74},
	scopusid = {2-s2.0-85049682130},
	title = {Extending Logic Programming with Labelled Variables: Model and Semantics},
	_url = {http://content.iospress.com/articles/fundamenta-informaticae/fi1695},
	volume = 161,
	wosid = {000437260800005},
	year = 2018,
	Bdsk-Url-1 = {http://content.iospress.com/articles/fundamenta-informaticae/fi1695},
	Bdsk-Url-2 = {https://doi.org/10.3233/FI-2018-1695}}

@misc{2P-Playground,
	_howpublished = {\url{https://pika-lab.gitlab.io/tuprolog/2p-kt-web}},
	key = {{\sc {2P-Kt}} Playground},
	title = {{\sc {2P-Kt}} Playground web page},
	url = {https://pika-lab.gitlab.io/tuprolog/2p-kt-web},
	year = {Last access: \today},
	Bdsk-Url-1 = {https://pika-lab.gitlab.io/tuprolog/2p-kt-web}}

@misc{tuPrologUsers,
	_howpublished = {\url{http://apice.unibo.it/xwiki/bin/view/Tuprolog/Users}},
	key = {{{\sf tu}Prolog} Users},
	title = {{{\sf tu}Prolog} Users},
	url = {http://apice.unibo.it/xwiki/bin/view/Tuprolog/Users},
	year = {Last access: \today},
	Bdsk-Url-1 = {http://apice.unibo.it/xwiki/bin/view/Tuprolog/Users}}

@misc{mcr2p,
	_howpublished = {\url{https://search.maven.org/search?q=g:it.unibo.tuprolog}},
	key = {{\sc {2P-Kt}} Artifacts on Maven Central Repository},
	title = {{\sc {2P-Kt}} Artifacts on Maven Central Repository},
	url = {https://search.maven.org/search?q=g:it.unibo.tuprolog},
	year = {Last access: \today},
	Bdsk-Url-1 = {https://search.maven.org/search?q=g:it.unibo.tuprolog}}

@misc{npm2p,
	_howpublished = {\url{https://www.npmjs.com/org/tuprolog}},
	key = {{\sc {2P-Kt}} Artifacts on NPM Registry},
	title = {{\sc {2P-Kt}} Artifacts on NPM Registry},
	url = {https://www.npmjs.com/org/tuprolog},
	year = {Last access: \today},
	Bdsk-Url-1 = {https://www.npmjs.com/org/tuprolog}}

@misc{homepageBprolog,
	_howpublished = {\url{http://www.picat-lang.org/bprolog}},
	date-modified = {2020-09-27 11:50:11 +0200},
	key = {{BP}rolog},
	title = {{BP}rolog home page},
	url = {http://www.picat-lang.org/bprolog},
	year = {Last access: \today},
	Bdsk-Url-1 = {http://www.picat-lang.org/bprolog}}

@misc{homepageCiao,
	_howpublished = {\url{https://ciao-lang.org}},
	date-modified = {2020-09-27 11:50:06 +0200},
	key = {{Ciao!} {P}rolog},
	title = {{Ciao!} {P}rolog home page},
	url = {https://ciao-lang.org},
	year = {Last access: \today},
	Bdsk-Url-1 = {https://ciao-lang.org}}

@misc{homepageEclipse,
	_howpublished = {\url{https://eclipseclp.org}},
	date-modified = {2020-09-27 11:50:00 +0200},
	key = {{ECLiPSe} {P}rolog},
	title = {{ECLiPSe} {P}rolog home page},
	url = {https://eclipseclp.org},
	year = {Last access: \today},
	Bdsk-Url-1 = {https://eclipseclp.org}}

@misc{homepageSicstus,
	_howpublished = {\url{https://sicstus.sics.se}},
	date-modified = {2020-09-27 11:48:42 +0200},
	key = {{SICS}tus {P}rolog},
	title = {{SICS}tus {P}rolog home page},
	url = {https://sicstus.sics.se},
	year = {Last access: \today},
	Bdsk-Url-1 = {https://sicstus.sics.se}}

@misc{homepageSwi,
	_howpublished = {\url{https://www.swi-prolog.org}},
	date-modified = {2020-09-27 11:46:42 +0200},
	key = {{SWI} {P}rolog},
	title = {{SWI} {P}rolog home page},
	url = {https://www.swi-prolog.org},
	year = {Last access: \today},
	Bdsk-Url-1 = {https://www.swi-prolog.org}}

@misc{homepageTau,
	_howpublished = {\url{http://tau-prolog.org}},
	date-modified = {2020-09-27 11:46:59 +0200},
	key = {{$\tau$P}rolog},
	title = {{$\tau$P}rolog home page},
	url = {http://tau-prolog.org},
	year = {Last access: \today},
	Bdsk-Url-1 = {http://tau-prolog.org}}

@misc{homepageXsb,
	_howpublished = {\url{http://xsb.sourceforge.net}},
	date-modified = {2020-09-27 11:45:23 +0200},
	key = {{XSB} {P}rolog},
	title = {{XSB} {P}rolog home page},
	url = {http://xsb.sourceforge.net},
	year = {Last access: \today},
	Bdsk-Url-1 = {http://xsb.sourceforge.net}}

@article{tucson-jaamas2,
	author = {Omicini, Andrea and Zambonelli, Franco},
	date-modified = {2020-04-22 22:52:14 +0200},
	doi = {10.1023/A:1010060322135},
	editor = {Tolksdorf, Robert and Ciancarini, Paolo},
	issn = {1387-2532},
	issn-online = {1573-7454},
	journal = {Autonomous Agents and Multi-Agent Systems},
	month = sep,
	note = {{S}pecial Issue: Coordination Mechanisms for Web Agents},
	number = 3,
	pages = {251--269},
	publisher = {Springer Netherlands},
	publonsid = 15801429,
	scholarid = 13722080468098073470,
	scopusid = {2-s2.0-0041593714},
	title = {Coordination for {I}nternet Application Development},
	volume = 2,
	year = 1999,
	Bdsk-Url-1 = {https://doi.org/10.1023/A:1010060322135}}

@article{respect-scp41,
	_url = {http://www.sciencedirect.com/science/article/pii/S0167642301000119},
	author = {Omicini, Andrea and Denti, Enrico},
	doi = {10.1016/S0167-6423(01)00011-9},
	issn = {0167-6423},
	journal = {Science of Computer Programming},
	month = nov,
	number = 3,
	pages = {277--294},
	publisher = {Elsevier Science B. V.},
	scopusid = {2-s2.0-0035501083},
	title = {From Tuple Spaces to Tuple Centres},
	volume = 41,
	wosid = 000173598300003,
	year = 2001,
	Bdsk-Url-1 = {https://doi.org/10.1016/S0167-6423(01)00011-9}}

@inproceedings{Jaffar1987,
	address = {New York, NY, USA},
	author = {Jaffar, J. and Lassez, J.-L.},
	booktitle = {Proceedings of the 14th ACM SIGACT-SIGPLAN Symposium on Principles of Programming Languages},
	doi = {10.1145/41625.41635},
	isbn = {0897912152},
	location = {Munich, West Germany},
	numpages = {9},
	pages = {111--119},
	publisher = {Association for Computing Machinery},
	series = {POPL '87},
	title = {Constraint Logic Programming},
	_url = {https://doi.org/10.1145/41625.41635},
	year = {1987},
	Bdsk-Url-1 = {https://doi.org/10.1145/41625.41635}}

@article{Fruhwirth98,
	author = {Fr{\"{u}}hwirth, Thom W.},
	bibsource = {dblp computer science bibliography, https://dblp.org},
	biburl = {https://dblp.org/rec/journals/jlp/Fruhwirth98.bib},
	doi = {10.1016/S0743-1066(98)10005-5},
	journal = {Journal of Logic Programming},
	number = {1-3},
	pages = {95--138},
	timestamp = {Sun, 02 Jun 2019 20:47:29 +0200},
	title = {Theory and Practice of Constraint Handling Rules},
	_url = {https://doi.org/10.1016/S0743-1066(98)10005-5},
	volume = {37},
	year = {1998},
	Bdsk-Url-1 = {https://doi.org/10.1016/S0743-1066(98)10005-5}}

@article{SwiftW12,
	author = {Swift, Terrance and Warren, David Scott},
	bibsource = {dblp computer science bibliography, https://dblp.org},
	biburl = {https://dblp.org/rec/journals/tplp/SwiftW12.bib},
	doi = {10.1017/S1471068411000500},
	journal = {Theory Practice of Logic Programming},
	number = {1-2},
	pages = {157--187},
	timestamp = {Thu, 13 Feb 2020 14:39:43 +0100},
	title = {{XSB}: Extending Prolog with Tabled Logic Programming},
	_url = {https://doi.org/10.1017/S1471068411000500},
	volume = {12},
	year = {2012},
	Bdsk-Url-1 = {https://doi.org/10.1017/S1471068411000500}}

@article{MaloneCrowston1994,
	address = {New York, NY, USA},
	author = {Malone, Thomas W. and Crowston, Kevin},
	doi = {10.1145/174666.174668},
	issn = {0360-0300},
	issue_date = {March 1994},
	journal = {ACM Comput. Surv.},
	keywords = {coordination, groupware, coordination science, coordination theory, computer-supported cooperative work},
	month = mar,
	number = {1},
	numpages = {33},
	pages = {87--119},
	publisher = {Association for Computing Machinery},
	title = {The Interdisciplinary Study of Coordination},
	_url = {https://doi.org/10.1145/174666.174668},
	volume = {26},
	year = {1994},
	Bdsk-Url-1 = {https://doi.org/10.1145/174666.174668}}